Ensino de alunos com Deficiência Visual
@article {
    REF01,
    Author = {SILVA, F. B.},
    Title = {A inclusão educacional de alunos com deficiência visual: contribuições das tecnologias assistivas para o processo de escolarização},
    Journal = {Dissertação (Mestrado - Programa de Pós-Graduação em Educação) - Universidade Estadual do Oeste do Paraná, Cascavel - PR},
    Year = {2022},
    Url = {https://tede.unioeste.br/handle/tede/6344}
}

Louis Braille
@article {
    REF02,
    Author = {PIMENTEL, A. P.},
    Title = {Louis Braille, o criador do Sistema Braille},
    Journal = {Revista Benjamin Constant},
    Year = {1999},
    Url = {https://revista.ibc.gov.br/index.php/BC/article/view/616}
}

Braille e História do Braille
@article {
    REF03,
    Author = {FRANCO, G.},
    Title = {Sistema Braille},
    Journal = {Brasil Escola},
    Url = {https://brasilescola.uol.com.br/portugues/braile.htm}
}

Uso da Máquina Braille
@article {
    REF04,
    Author = {OLIVEIRA, J. J. A. B. and MELO, J. C.},
    Title = {Sistema Braille no processo de ensino- aprendizagem das pessoas com deficiência visual: da Educação Infantil ao Ensino Superior},
    Journal = {Revista Científica Multidisciplinar Núcleo do Conhecimento},
    Year = {2019},
    Url = {https://www.nucleodoconhecimento.com.br/educacao/sistema-braille}
}

Braille e História do Braille
@article {
    REF05,
    Author = {POLAKIEWICZ, R.},
    Title = {Dia Mundial do Braille},
    Journal = {PEBMED},
    Year = {2022},
    Url = {https://pebmed.com.br/braille-e-a-inclusao/}
}

BrailleType
@article{
    REF06,
    author = {OLIVEIRA, J. H. R and GUERREIRO, T. and NICOLAU, H. and JORGE, J. A. P and GONÇALVES, D.},
    year = {2011},
    month = {09},
    title = {BrailleType: Unleashing Braille over Touch Screen Mobile Phones},
    volume = {6946},
    isbn = {978-3-642-23773-7},
    doi = {10.1007/978-3-642-23774-4_10}
}

Singletapbraille
@article {
    REF07,
    Author = {ALNFIAI, M. and SAMPALLI, S.},
    Title = {Singletapbraille: Developing a text entry
method based on braille patterns using a single tap},
    Journal = {Procedia Computer
Science},
    Year = {2016},
    Url = {https://www.sciencedirect.com/science/article/pii/S1877050916317859}
}

Braillearning
@article {
    REF08,
    Author = {SANTANA, K. and PEREIRA, C. P.},
    Title = {Braillearning: Software para simular a máquina de escrever em Braille},
    Journal = {PBRAZILIAN SYMPOSIUM ON COMPUTERS IN EDUCATION (SIMPÓSIO BRASILEIRO DE INFORMÁTICA NA EDUCAÇÃO - SBIE)},
    Year = {2019},
    Url = {http://milanesa.ime.usp.br/rbie/index.php/sbie/article/view/8838}
}

Brailendo
@article {
    REF09,
    Author = {ANDRIGHETTOA, R. and PREICHARDTA, E. M. L. and MUMBACH, D. H.},
    Title = {SOFTWARES LIVRES BRASILEIROS DE ACESSIBILIDADE AO BRAILLE: funcionalidades e potencialidades do Brailendo e Braille Fácil},
    Journal = {Scientia Generalis},
    Year = {2020},
    Url = {https://www.scientiageneralis.com.br/index.php/SG/article/view/v1n3a1/23}
}

Valor
@article{
    ARTICLE10,
    author = {ZEITHAML, V. A.},
    title = {Consumer Perceptions of Price, Quality, and Value: A Means-End Model and Synthesis of Evidence},
    journal = {Journal of Marketing},
    year = {1988}
}

Valor
@article{
    ARTICLE11,
    author = {GOULD-WILLIAMS, J.},
    title = {The Impact of Employee Performance Cues on Guest Loyalty, Perceived Value and Service Quality},
    journal = {Service Industries Journal},
    year = {1999}
}

Proposta de valor
@article{
    ARTICLE12,
    author = {PAYNE, A. and FROW, P. and EGGERT, A.},
    title = {The customer value proposition: evolution, development, and application in marketing},
    journal = {J. of the Acad. Mark. Sci.},
    year = {2017}
}

@article{
    ARTICLE13,
    title={The goal question metric approach},
    author={BASILI, V. R. and CALDIEIRA, G. and H. ROMBACH, D.},
    journal={Encyclopedia of software engineering},
    year={1994}
}

@article{caldiera1994goal,
  title={The goal question metric approach},
  author={Caldiera, Victor R Basili1 Gianluigi and Rombach, H Dieter},
  journal={Encyclopedia of software engineering},
  pages={528--532},
  year={1994}
}

Fuzzy Front End
@book{
    BOOK01,
    author = {WILEY, J},
    title = {The PDMA ToolBook for New Product Development},
    year = {2002}
}

Valor
@book{
    BOOK02,   
    author = {BOZKURT, A.},
    title = {Customer Loyalty (with Bed and Breakfast Focus)},
    publisher = {Adana Science and Technology University},
    year = {2016}
}

Valor
@book{
    BOOK03,
    author = {WIENER, Y},
    title = {Forms of Value Systems: A Focus on Organizational Effectiveness and Cultural Change and Maintenance},
    publisher = {Academy of Management Review},
    year = {1988}
}

Valor
@book{
    BOOK04,
    author = {IACOBUCCI, D. and GRAYSON, K. and OSTROM, A.},
    title = {"Customer Satisfaction Fables},
    publisher = {Sloan Management Review},
    year = {1994}
}

Valor
@book{
    BOOK05,
    author = {JOBBER, D.},
    title = {Principles and Practice of Marketing},
    publisher = {McGraw-Hill},
    year = {1998} 
}

Valor
@book{
    BOOK06,
    author = {ANDERSON, J. C. and NARUS, J. A.},
    title = {Business Marketing: Understand What Customers Value},
    publisher = {Harvard Business Review},
    year = {1998}
}

-----------------------------------------------------------------

Sobre a vida de Louis Braille
https://acrobat.adobe.com/id/urn:aaid:sc:US:e31ce2c5-977f-42b4-b70c-32129f6aec3d

-----------------------------------------------------------------

Sobre o ensino de Braille
https://www.nucleodoconhecimento.com.br/educacao/sistema-braille

Braille e seis pontos em relevo na linha do tempo da acessibilidade
https://noticias.unb.br/artigos-main/6239-braille-e-seis-pontos-em-relevo-na-linha-do-tempo-da-acessibilidade

-----------------------------------------------------------------

Análise de aplicativos móveis para auxílio do ensino da escrita de braile para pessoas cegas
https://seer.umc.br/index.php/revistaumc/article/view/2028/1457

Several Virtual Braille Keyboards
https://personales.upv.es/thinkmind/dl/conferences/achi/achi_2020/achi_2020_5_560_20205.pdf

-----------------------------------------------------------------

UnBraille
https://bdm.unb.br/handle/10483/18131

Braillendo e Braille Fácil
https://www.scientiageneralis.com.br/index.php/SG/article/view/v1n3a1/23

Braillendo (Site oficial)
https://intervox.nce.ufrj.br/brailendo/

Prototipo de software para la enseñanza-aprendizaje de braille.
https://www.investigarmqr.com/ojs/index.php/mqr/article/view/756/2990

-----------------------------------------------------------------

Braillestick: A Game Control Proposal for Blind Users Based on the Braille Typewriter (E-BOOK PAGO)
https://link.springer.com/chapter/10.1007/978-3-030-65736-9_9

-----------------------------------------------------------------


@article{SITE01,
    Author = {MDN},
    Year = 2024,
    Title = {Documentação HTML},
    Journal = {MDN Web Docs},
    Url = {https://developer.mozilla.org/pt-BR/docs/Web/HTML}
}

@article{SITE02,
    Author = {MDN},
    Year = 2024,
    Title = {Documentação CSS},
    Journal = {MDN Web Docs},
    Url = {https://developer.mozilla.org/pt-BR/docs/Web/CSS}
}

@article{SITE03,
    Author = {React},
    Year = 2024,
    Title = {Documentação do React},
    Journal = {React Docs},
    Url = {https://react.dev/reference/react}
}

@article{SITE04,
    Author = {TypeScript},
    Year = 2024,
    Title = {Documentação do TypeScript},
    Journal = {TypeScript Docs},
    Url = {https://www.typescriptlang.org/}
}

@article{SITE05,
    Author = {Bootstrap},
    Year = 2024,
    Title = {Documentação do Bootstrap},
    Journal = {Bootstrap Docs},
    Url = {https://getbootstrap.com/}
}

@article{SITE06,
    Author = {BootstrapWatch},
    Year = 2024,
    Title = {Documentação do BootstrapWatch},
    Journal = {BootstrapWatch Docs},
    Url = {https://bootswatch.com/}
}







